Created:  Thu 19 Jun 2014 05:15 PM
author Josh Wainwright
File name : references.bib

@article{rust2006sub,
  title={Sub-diffraction-limit imaging by stochastic optical reconstruction microscopy ({STORM})},
  author={Rust, Michael J and Bates, Mark and Zhuang, Xiaowei},
  journal={Nature methods},
  volume={3},
  number={10},
  pages={793--796},
  year={2006},
  publisher={Nature Publishing Group}
}

@article{owen2010palm,
  title={{PALM} imaging and cluster analysis of protein heterogeneity at the cell surface},
  author={Owen, Dylan M and Rentero, Carles and Rossy, J{\'e}r{\'e}mie and Magenau, Astrid and Williamson, David and Rodriguez, Macarena and Gaus, Katharina},
  journal={Journal of biophotonics},
  volume={3},
  number={7},
  pages={446--454},
  year={2010},
  publisher={Wiley Online Library}
}

@article{hess2006ultra,
  title={Ultra-high resolution imaging by fluorescence photoactivation localization microscopy},
  author={Hess, Samuel T and Girirajan, Thanu PK and Mason, Michael D},
  journal={Biophysical journal},
  volume={91},
  number={11},
  pages={4258--4272},
  year={2006},
  publisher={Elsevier}
}

@article{williamson2011pre,
  title={Pre-existing clusters of the adaptor Lat do not participate in early T cell signaling events},
  author={Williamson, David J and Owen, Dylan M and Rossy, J{\'e}r{\'e}mie and Magenau, Astrid and Wehrmann, Matthias and Gooding, J Justin and Gaus, Katharina},
  journal={Nature immunology},
  volume={12},
  number={7},
  pages={655--662},
  year={2011},
  publisher={Nature Publishing Group}
}

@article{fang2005sub,
  title={Sub--diffraction-limited optical imaging with a silver superlens},
  author={Fang, Nicholas and Lee, Hyesog and Sun, Cheng and Zhang, Xiang},
  journal={Science},
  volume={308},
  number={5721},
  pages={534--537},
  year={2005},
  publisher={American Association for the Advancement of Science}
}

@article{rasband1997imagej,
  title={{ImageJ, US National Institutes of Health}},
  author={Rasband, WS},
  journal={Bethesda, Maryland, USA},
  volume={2012},
  year={1997}
}

@article{hjaltason2002speeding,
  title={Speeding up construction of PMR quadtree-based spatial indexes},
  author={Hjaltason, Gisli R and Samet, Hanan},
  journal={The VLDB Journal—The International Journal on Very Large Data Bases},
  volume={11},
  number={2},
  pages={109--137},
  year={2002},
  publisher={Springer-Verlag New York, Inc.}
}

@article{mortoncomputer,
  title={A computer oriented geodetic data base and a new technique in file sequencing},
  author={Morton, GM},
  journal={IBM, Ottawa, Canada},
  year={1966}
}

@incollection{hilbert1970stetige,
  title={{\"U}ber die stetige Abbildung einer Linie auf ein Fl{\"a}chenst{\"u}ck},
  author={Hilbert, David},
  booktitle={Gesammelte Abhandlungen},
  pages={1--2},
  year={1970},
  publisher={Springer}
}

@misc{gray1953pulse,
  title={Pulse code communication},
  author={Gray, Frank},
  year={1953},
  month=mar # "~17",
  publisher={Google Patents},
  note={US Patent 2,632,058}
}

@article{samet1990applications,
  title={Applications of spatial data structures},
  author={Samet, Hanan},
  year={1990},
  publisher={Citeseer},
  journal={Computer Graphics, Image Processing, and GIS}
}

@article{asano1997space,
  title={Space-filling curves and their use in the design of geometric data structures},
  author={Asano, Tetsuo and Ranjan, Desh and Roos, Thomas and Welzl, Emo and Widmayer, Peter},
  journal={Theoretical Computer Science},
  volume={181},
  number={1},
  pages={3--15},
  year={1997},
  publisher={Elsevier}
}

@inproceedings{mokbel2002performance,
  title={Performance of multi-dimensional space-filling curves},
  author={Mokbel, Mohamed F and Aref, Walid G and Kamel, Ibrahim},
  booktitle={Proceedings of the 10th ACM international symposium on Advances in geographic information systems},
  pages={149--154},
  year={2002},
  organization={ACM}
}

@article{van1999spatial,
  title={Spatial access methods},
  author={van Oosterom, Peter},
  journal={Geographical information systems},
  volume={1},
  pages={385--400},
  year={1999}
}

@book{cormen2001introduction,
  title={Introduction to algorithms},
  author={Cormen, Thomas H and Leiserson, Charles E and Rivest, Ronald L and Stein, Clifford and others},
  volume={2},
  year={2001},
  publisher={MIT press Cambridge},
  pages="253--280"
}

@article{abel1990comparative,
  title={A comparative analysis of some two-dimensional orderings},
  author={Abel, David J and Mark, David M},
  journal={International Journal of Geographical Information System},
  volume={4},
  number={1},
  pages={21--31},
  year={1990},
  publisher={Taylor \& Francis}
}

@article{bailer2006writing,
  title={Writing ImageJ plugins—a tutorial},
  author={Bailer, Werner},
  journal={Upper Austria University of Applied Sciences, Austria},
  year={2006}
}

@manual{imagejapi,
  title={ImageJ API Documentation},
  organization={US National Institutes of Health},
  author={NIH},
  month={March},
  year={2014},
  edition={1.48t}
}

@book{zukowski1997java,
  title={Java AWT reference},
  author={Zukowski, John},
  volume={3},
  year={1997},
  publisher={O'Reilly}
}

@book{loy2002java,
  title={Java swing},
  author={Loy, Marc and Eckstein, Robert and Wood, Dave and Elliott, James and Cole, Brian},
  year={2002},
  publisher={" O'Reilly Media, Inc."}
}

@article{xia2006border,
  title={BORDER: efficient computation of boundary points},
  author={Xia, Chenyi and Hsu, Wynne and Lee, Mong Li and Ooi, Beng Chin},
  journal={Knowledge and Data Engineering, IEEE Transactions on},
  volume={18},
  number={3},
  pages={289--303},
  year={2006},
  publisher={IEEE}
}

@inproceedings{estivill2000autoclust,
  title={AUTOCLUST: Automatic clustering via boundary extraction for mining massive point-data sets},
  author={Estivill-Castro, Vladimir and Lee, Ickjai},
  booktitle={In Proceedings of the 5th International Conference on Geocomputation},
  year={2000},
  organization={Citeseer}
}

@incollection{lee2002polygonization,
  title={Polygonization of point clusters through cluster boundary extraction for geographical data mining},
  author={Lee, Ickjai and Estivill-Castro, Vladimir},
  booktitle={Advances in Spatial Data Handling},
  pages={27--40},
  year={2002},
  publisher={Springer}
}

@article{lee1980two,
  title={Two algorithms for constructing a Delaunay triangulation},
  author={Lee, Der-Tsai and Schachter, Bruce J},
  journal={International Journal of Computer \& Information Sciences},
  volume={9},
  number={3},
  pages={219--242},
  year={1980},
  publisher={Springer}
}

@inproceedings{goodchild1983optimizing,
  title={Optimizing raster storage: an examination of four alternatives},
  author={Goodchild, Michael F and Grandfield, Andrew W},
  booktitle={Proceedings of Auto-Carto},
  volume={6},
  number={1},
  pages={400--407},
  year={1983}
}

@article{moreira2007concave,
  title={Concave hull: A k-nearest neighbours approach for the computation of the region occupied by a set of points},
  author={Moreira, Adriano and Santos, Maribel Yasmina},
  year={2007},
  publisher={INSTICC Press (Institute for Systems and Technologies of Information, Control and Communication)}
}

@inproceedings{ertoz2002new,
  title={A new shared nearest neighbor clustering algorithm and its applications},
  author={Ertoz, Levent and Steinbach, Michael and Kumar, Vipin},
  booktitle={Workshop on Clustering High Dimensional Data and its Applications at 2nd SIAM International Conference on Data Mining},
  pages={105--115},
  year={2002}
}

@article{jarvis1973clustering,
  title={Clustering using a similarity measure based on shared near neighbors},
  author={Jarvis, Raymond A and Patrick, Edward A},
  journal={Computers, IEEE Transactions on},
  volume={100},
  number={11},
  pages={1025--1034},
  year={1973},
  publisher={IEEE}
}

@inproceedings{indulska2002gravity,
  title={Gravity based spatial clustering},
  author={Indulska, Marta and Orlowska, Maria E},
  booktitle={Proceedings of the 10th ACM international symposium on Advances in geographic information systems},
  pages={125--130},
  year={2002},
  organization={ACM}
}

@incollection{zhong2010novel,
  title={A novel clustering algorithm based on gravity and cluster merging},
  author={Zhong, Jiang and Liu, Longhai and Li, Zhiguo},
  booktitle={Advanced Data Mining and Applications},
  pages={302--309},
  year={2010},
  publisher={Springer}
}
